@book{broome:2013,
  address =       {Oxford},
  author =        {Broome, John A.},
  publisher =     {Wiley-Blackwell},
  title =         {Rationality Through Reasoning},
  year =          {2013},
}

@article{coates_a:2012,
  author =        {Coates, Allen},
  journal =       {American Philosophical Quarterly},
  number =        {2},
  pages =         {113--124},
  title =         {Rational Epistemic Akrasia},
  volume =        {49},
  year =          {2012},
}

@article{daoust_mk:2020,
  author =        {Daoust, Marc-Kevin},
  journal =       {Synthese},
  pages =         {4551--4569},
  title =         {The Explanatory Role of Consistency Requirements},
  volume =        {197},
  year =          {2020},
  doi = {10.1007/s11229-018-01942-8}
}

@Article{debona_g-staffel:2018,
  author  = {de Bona, Glauber and Staffel, Julia},
  journal = {Analysis},
  title   = {Why Be (Approximately) Coherent?},
  year    = {2018},
  number  = {3},
  pages   = {405--415},
  volume  = {78},
  doi     = {10.1093/analys/anx159},
}

@article{dorst:2019,
  author =        {Dorst, Kevin},
  journal =       {Mind},
  number =        {509},
  pages =         {175--211},
  title =         {Lockeans Maximize Expected Accuracy},
  volume =        {128},
  year =          {2019},
  doi = {10.1093/mind/fzx028},
}

@article{easwaran:2016b,
  author =        {Easwaran, Kenny},
  journal =       {No{\^u}s},
  number =        {4},
  pages =         {816--853},
  title =         {Dr.~Truthlove or: How {I} Learned to Stop Worrying and
                   Love Bayesian Probabilities},
  volume =        {50},
  year =          {2016},
  doi = {10.1111/nous.12099},
}

@incollection{easwaran-fitelson:2015,
  address =       {Oxford},
  author =        {Easwaran, Kenny and Fitelson, Branden},
  booktitle =     {Oxford Studies in Epistemology},
  editor =        {Gendler, Tamar Szab{\'o} and Hawthorne, John},
  pages =         {61--96},
  publisher =     {Oxford University Press},
  title =         {Accuracy, Coherence, and Evidence},
  volume =        {V},
  year =          {2015},
}

@unpublished{fitelson:2016,
  author =        {Fitelson, Branden},
  note =          {unpublished manuscript},
  title =         {Coherence},
  year =          {2016},
  url =           {http://fitelson.org/coherence/coherence_duke.pdf},
}

@Article{goldman_ai:2015a,
  author  = {Goldman, Alvin I.},
  journal = {Episteme},
  title   = {Reliabilism, Veritism, and Epistemic Consequentialism},
  year    = {2015},
  number  = {2},
  pages   = {131--143},
  volume  = {12},
  doi     = {10.1017/epi.2015.25},
}

@article{greco_d:2014,
  author =        {Greco, Daniel},
  journal =       {Philosophical Studies},
  number =        {2},
  pages =         {201--219},
  title =         {A Puzzle About Epistemic Akrasia},
  volume =        {167},
  year =          {2014},
  doi = {10.1007/s11098-012-0085-3},
}

@article{horowitz_s:2014a,
  author =        {Horowitz, Sophie},
  journal =       {No{\^u}s},
  number =        {4},
  pages =         {718--744},
  title =         {Epistemic Akrasia},
  volume =        {48},
  year =          {2014},
  doi = {10.1111/nous.12026},
}

@Article{joyce_jm:1998,
  author  = {Joyce, James M.},
  journal = {Philosophy of Science},
  title   = {A Nonpragmatic Vindication of Probabilism},
  year    = {1998},
  number  = {4},
  pages   = {575--603},
  volume  = {65},
  doi     = {10.1086/392661},
}

@Article{kiesewetter_b:2016a,
  author  = {Kiesewetter, Benjamin},
  journal = {The Philosophical Quarterly},
  title   = {You Ought to $\phi$ Only If You May Believe That You Ought to $\phi$},
  year    = {2016},
  number  = {265},
  pages   = {760--782},
  volume  = {66},
  doi     = {10.1093/pq/pqw012},
}

@book{kiesewetter_b:2017,
  address =       {Oxford},
  author =        {Kiesewetter, Benjamin},
  publisher =     {Oxford University Press},
  title =         {The Normativity of Rationality},
  year =          {2017},
}

@Article{kolodny:2005,
  author  = {Kolodny, Niko},
  journal = {Mind},
  title   = {Why Be Rational?},
  year    = {2005},
  number  = {455},
  pages   = {509--563},
  volume  = {114},
  doi     = {10.1093/mind/fzi509},
}

@Article{kolodny:2007,
  author  = {Kolodny, Niko},
  journal = {Mind},
  title   = {State or Process Requirements?},
  year    = {2007},
  number  = {462},
  pages   = {371--385},
  volume  = {116},
  doi     = {10.1093/mind/fzm371},
}

@Article{kolodny:2007a,
  author  = {Kolodny, Niko},
  journal = {Proceedings of the Aristotelian Society},
  title   = {How Does Coherence Matter?},
  year    = {2007},
  pages   = {229--263},
  volume  = {107},
  doi     = {10.1111/j.1467-9264.2007.00220.x},
}

@article{lasonenaarnio:2020,
  author =        {Lasonen-Aarnio, Maria},
  journal =       {Philosophical Studies},
  pages =         {597--632},
  title =         {Enkrasia or Evidentialism? Learning to Love Mismatch},
  volume =        {177},
  year =          {2020},
  doi = {10.1007/s11098-018-1196-2},
}

@Article{leitgeb-pettigrew:2010,
  author  = {Leitgeb, Hannes and Pettigrew, Richard},
  journal = {Philosophy of Science},
  title   = {An Objective Justification of Bayesianism I: Measuring Inaccuracy},
  year    = {2010},
  number  = {2},
  pages   = {201--235},
  volume  = {77},
  doi     = {10.1086/651317},
}

@article{littlejohn:2018a,
  author =        {Littlejohn, Clayon},
  journal =       {Philosophy and Phenomenological Research},
  number =        {2},
  pages =         {257--272},
  title =         {Stop Making Sense? On a Puzzle About Rationality},
  volume =        {96},
  year =          {2018},
  doi = {10.1111/phpr.12271},
}

@book{parfit:2011,
  address =       {Oxford},
  author =        {Parfit, Derek},
  note =          {edited and introduced by Samuel Scheffler},
  publisher =     {Oxford University Press},
  title =         {On What Matters.~Volume One},
  year =          {2011},
}

@Article{pettigrew:2013a,
  author  = {Pettigrew, Richard},
  journal = {dialectica},
  title   = {Accuracy and Evidence},
  year    = {2013},
  number  = {4},
  pages   = {579--596},
  volume  = {67},
  doi     = {10.1111/1746-8361.12043},
}

@book{pettigrew:2016,
  address =       {Oxford},
  author =        {Pettigrew, Richard},
  publisher =     {Oxford University Press},
  title =         {Accuracy and the Laws of Credence},
  year =          {2016},
}

@article{pettigrew:2016c,
  author =        {Pettigrew, Richard},
  journal =       {Episteme},
  number =        {3},
  pages =         {253--268},
  title =         {Jamesian Epistemology Formalised: An Explication of
                   `The Will to Believe'},
  volume =        {13},
  year =          {2016},
  doi = {10.1017/epi.2015.44}
}

@article{snedegar_j:2018,
  author =        {Snedegar, Justin},
  journal =       {Philosophical Studies},
  pages =         {725--743},
  title =         {Reasons For and Reasons Against},
  volume =        {175},
  year =          {2018},
  doi = {10.1007/s11098-017-0889-2},
}

@Article{steinberger_f:2019a,
  author  = {Steinberger, Florian},
  journal = {Analysis},
  title   = {Accuracy and Epistemic Conservatism},
  year    = {2019},
  number  = {4},
  pages   = {658--669},
  volume  = {79},
  doi     = {10.1093/analys/any094},
}

@incollection{titelbaum:2015,
  address =       {Oxford},
  author =        {Titelbaum, Michael G.},
  booktitle =     {Oxford Studies in Epistemology},
  editor =        {Gendler, Tamar Szab{\'o} and Hawthorne, John},
  pages =         {253--294},
  publisher =     {Oxford University Press},
  title =         {Rationality's Fixed Point (or: In Defense of Right
                   Reason)},
  volume =        {V},
  year =          {2015},
}

@Article{way_j:2010,
  author  = {Way, Jonathan},
  journal = {Philosophy Compass},
  title   = {The Normativity of Rationality},
  year    = {2010},
  number  = {12},
  pages   = {1057--1068},
  volume  = {5},
  doi     = {10.1111/j.1747-9991.2010.00357.x},
}

@article{way_j:2013a,
  author =        {Way, Jonathan},
  journal =       {Organon F},
  number =        {4},
  pages =         {588--611},
  title =         {Intentions, Akrasia, and Mere Permissibility},
  volume =        {20},
  year =          {2013},
}

@Article{whiting_da:2010a,
  author  = {Whiting, Daniel},
  journal = {dialectica},
  title   = {Should {I} Believe the Truth?},
  year    = {2010},
  number  = {2},
  pages   = {213--224},
  volume  = {64},
  doi     = {10.1111/j.1746-8361.2009.01204.x},
}

@article{worsnip:2018b,
  author =        {Worsnip, Alex},
  journal =       {Philosophy and Phenomenological Research},
  number =        {1},
  pages =         {3--44},
  title =         {The Conflict of Evidence and Coherence},
  volume =        {96},
  year =          {2018},
  doi = {10.1111/phpr.12246},
}

@incollection{worsnip:2018,
  address =       {Oxford},
  author =        {Worsnip, Alex},
  booktitle =     {Oxford Studies in Metaethics},
  editor =        {Shafer-Landau, Russ},
  pages =         {184--206},
  publisher =     {Oxford University Press},
  title =         {What is (In)coherence?},
  volume =        {XIII},
  year =          {2018},
}

@book{gendler-hawthorne:2015,
  address =       {Oxford},
  booktitle =     {Oxford Studies in Epistemology},
  editor =        {Gendler, Tamar Szab{\'o} and Hawthorne, John},
  publisher =     {Oxford University Press},
  title =         {Oxford Studies in Epistemology},
  volume =        {V},
  year =          {2015},
}

@book{shaferlandau:2018,
  address =       {Oxford},
  booktitle =     {Oxford Studies in Metaethics},
  editor =        {Shafer-Landau, Russ},
  publisher =     {Oxford University Press},
  title =         {Oxford Studies in Metaethics},
  volume =        {XIII},
  year =          {2018},
}

