@book{Doe2000,
	title = "A long journey",
	author = "Jane E. Doe",
	year = 2000,
	note = "Reprint of~\citet{Doe1990}",
}

@book{Doe1990,
	title = "A long journey",
	author = "Jane E. Doe",
	year = 1990,
	note = "Reprint of~\citet{Doe1980}",
}

@book{Doe1980,
	title = "A long journey",
	author = "Jane E. Doe",
	year = 1980,
}

@article{Smith1980,
	title = "Thoughts",
	author = "Al Smith",
	year = 1980,
	journal = "Varia",
	volume = 1,
	pages = "1--15",
}

@article{Smith1990,
	title = "More Thoughts",
	author = "Al Smith",
	year = 1990,
	journal = "Varia",
	volume = 12,
	pages = "35--55",
}

@article{Smith1995,
	title = "Afterthoughts",
	author = "Al Smith",
	year = 1995,
	journal = "Varia",
	volume = 15,
	pages = "25--33",
}